@incollection{Christensen:2003,
chapter=3,
title={Value Networks and the Impetus to Innovate},
booktitle={The Innovator's Solution: Creating and Sustaining Successful Growth},
author={Christensen, C.M. and Raynor, M.E.},
isbn={9781578518524},
lccn={53150971},
url={http://books.google.com.tr/books?id=ZUsn9uIgkAUC},
year={2003},
publisher={Harvard Business School Press}
}

@misc{Fried:2008,
author = {Fried, Jason},
title = {Why we disagree with Don Norman},
howpublished={\url{https://signalvnoise.com/posts/904-why-we-disagree-with-don-norman}},
month = mar,
year = 2008,
}

@incollection{Norman:1986,
chapter = {3},
title   = {{Cognitive Engineering}},
editor  = {Norman, Donald A. and Draper, Stephen W.},
author  = {Norman, Donald A.},
booktitle = {{User Centered System Design}},
publisher = {{CRC Press}},
pages   = {31--61},
year    = {1986}
}

@book{Norman:2002,
title={{The Design of Everyday Things}},
author={Norman, Donald A.},
year={2002},
publisher={{Basic Books}}
}

@misc{Nielsen:2000,
author = {Nielsen, Jakob},
title = {{Why You Only Need to Test with 5 Users}},
howpublished = {\url{http://www.nngroup.com/articles/why-you-only-need-to-test-with-5-users/}},
month = mar,
year = 2000
}

@misc{Nielsen:2011,
author = {Nielsen, Jakob},
title = {{Parallel \& Iterative Design \+ Competitive Testing \= High Usability}},
howpublished = {\url{http://www.nngroup.com/articles/parallel-and-iterative-design/}},
month = jan,
year = 2011
}

@inproceedings{Nielsen:1993,
author = {Nielsen, Jakob and Landauer, Thomas K.},
title = {A Mathematical Model of the Finding of Usability Problems},
booktitle = {Proceedings of the INTERACT '93 and CHI '93 Conference on Human Factors in Computing Systems},
series = {CHI '93},
year = {1993},
isbn = {0-89791-575-5},
location = {Amsterdam, The Netherlands},
pages = {206--213},
numpages = {8},
url = {http://doi.acm.org/10.1145/169059.169166},
doi = {10.1145/169059.169166},
acmid = {169166},
publisher = {ACM},
address = {New York, NY, USA},
}

@book{Nielsen:1993:engineering,
title={Usability Engineering},
author={Nielsen, Jakob},
year={1993},
publisher={Morgan Kaufmann}
}

@article{Holzinger:2005,
 author = {Holzinger, Andreas},
 title = {Usability Engineering Methods for Software Developers},
 journal = {Communications of the ACM},
 issue_date = {January 2005},
 volume = {48},
 number = {1},
 month = jan,
 year = {2005},
 pages = {71--74},
 numpages = {4},
 publisher = {ACM},
 address = {New York, NY, USA},
}

@article{Boren:2000,
author={Boren, T. and Ramey, J.},
journal={IEEE Transactions on Professional Communication},
title={Thinking aloud: reconciling theory and practice},
year={2000},
month={Sep},
volume={43},
number={3},
pages={261-278},
}
@article{Jaspers:2004,
title = "The think aloud method: a guide to user interface design ",
journal = "International Journal of Medical Informatics ",
volume = "73",
number = "11â€“12",
pages = "781 - 795",
year = "2004",
author = "Monique W.M. Jaspers and Thiemo Steen and Cor van den Bos and Maud Geenen",
}
