@article{Franz:2011,
title={The Unfocused Focus Group: Benefit or Bane?.},
author={Franz, Nancy K},
journal={Qualitative Report},
volume={16},
number={5},
pages={1380--1388},
year={2011},
publisher={ERIC}
}

@misc{Nielsen:1997,
author = {Nielsen, Jakob},
title = {The Use and Misuse of Focus Groups},
howpublished = {\url{ http://www.nngroup.com/articles/focus-groups/}},
month = jan,
year = 1997
}

@article{Smithson:2000,
title={Using and analysing focus groups: limitations and possibilities},
author={Smithson, Janet},
journal={International Journal of Social Research Methodology},
volume={3},
number={2},
pages={103--119},
year={2000},
publisher={Taylor \& Francis}
}

@article{Kitzinger:1995,
title={Qualitative research: introducing focus groups},
author={Kitzinger, Jenny},
journal={British Medical Journal},
volume={311},
number={7000},
pages={299--302},
year={1995},
publisher={BMJ Publishing Group}
}

@article{Morgan:1996,
title={Focus Groups},
author={Morgan, David L.},
journal={Annual Review of Sociology},
volume={22},
number={1996},
pages={129--152},
year={1996},
publisher={Annual Reviews}
}
