@inproceedings{Baytas:2014:EGMI,
author = {Baytaş, Mehmet Aydın and Yemez, Yücel and Özcan, Oğuzhan},
year = {2014},
title = {{User Interface Paradigms for Visually Authoring Mid-Air Gestures: A Survey and a Provocation }},
booktitle = {Proceedings of the Workshop on Engineering Gestures for Multimodal Interfaces},
series = {EGMI 2014},
pages = {8--14},
editor = {Echthler, Florian and Hoste, Lode and Kammer, Dietrich and Signer, Beat and Vanacken, Davy},
publisher = {Sun SITE Central Europe (CEUR)},
address = {Aachen, DE},
}

@inproceedings{Hoste:2014,
author = {Hoste, Lode and Signer, Beat},
title = {{Criteria, Challenges and Opportunities for Gesture Programming Languages}},
booktitle = {Proceedings of the Workshop on Engineering Gestures for Multimodal Interfaces},
series = {EGMI 2014},
year = {2014},
publisher = {Sun SITE Central Europe (CEUR)},
address = {Aachen, DE},
}

@inproceedings{Baytas:2014:NordiCHI,
author = {Baytaş, Mehmet Aydın and Yemez, Yücel and Özcan, Oğuzhan},
title = {{Hotspotizer: End-User Authoring of Mid-Air Gestural Interactions}},
booktitle = {Proceedings of the 8th Nordic Conference on Human-Computer Interaction: Fun, Fast, Foundational},
series = {NordiCHI '14},
year = {2014},
publisher = {ACM},
address = {New York, NY, USA},
}

@article{Moeslund:2006,
author = {Moeslund, Thomas B. and Hilton, Adrian and Kr\"{u}ger, Volker},
title = {{A Survey of Advances in Vision-based Human Motion Capture and Analysis}},
journal = {Computer Vision and Image Understanding},
volume = {104},
number = {2},
year = {2006},
pages = {90--126},
publisher = {Elsevier Science Inc.},
address = {New York, NY, USA},
}

@article{Moeslund:2001,
author = {Thomas B. Moeslund and Erik Granum},
title = {{A Survey of Computer Vision-Based Human Motion Capture}},
journal = {Computer Vision and Image Understanding},
volume = {81},
number = {3},
pages = {231--268},
year = {2001},
}

@article{Gavrila:1999,
author = {Dariu M. Gavrila},
title = {{The Visual Analysis of Human Movement: A Survey}},
journal = {Computer Vision and Image Understanding},
volume = {73},
number = {1},
pages = {82--98},
year = {1999},
}

@inproceedings{Francese:2012,
author = {Francese, Rita and Passero, Ignazio and Tortora, Genoveffa},
title = {{Wiimote and Kinect: Gestural User Interfaces Add a Natural Third Dimension to HCI}},
booktitle = {Proceedings of the International Working Conference on Advanced Visual Interfaces},
series = {AVI '12},
year = {2012},
pages = {116--123},
publisher = {ACM},
address = {New York, NY, USA},
}

@inproceedings{Cairns:2014,
author = {Cairns, Paul and Li, Jing and Wang, Wendy and Nordin, A. Imran},
title = {{The Influence of Controllers on Immersion in Mobile Games}},
booktitle = {Proceedings of the SIGCHI Conference on Human Factors in Computing Systems},
series = {CHI '14},
year = {2014},
pages = {371--380},
publisher = {ACM},
address = {New York, NY, USA},
}

@inproceedings{Wen:2013,
author = {Wen, Rong and Nguyen, Binh P. and Chng, Chin-Boon and Chui, Chee-Kong},
title = {{In Situ Spatial AR Surgical Planning Using Projector-Kinect System}},
booktitle = {Proceedings of the Fourth Symposium on Information and Communication Technology},
series = {SoICT '13},
year = {2013},
pages = {164--171},
publisher = {ACM},
address = {New York, NY, USA},
}

@inproceedings{Tang:2013,
author = {Tang, Jeff K. T. and Igarashi, Takeo},
title = {{CUBOD: A Customized Body Gesture Design Tool for End Users}},
booktitle = {Proceedings of the 27th International BCS Human Computer Interaction Conference},
series = {BCS-HCI '13},
year = {2013},
pages = {5:1--5:10},
publisher = {British Computer Society},
address = {Swinton, UK},
}

@inproceedings{Gallo:2013,
author = {Gallo, Luigi},
title = {{A Study on the Degrees of Freedom in Touchless Interaction}},
booktitle = {SIGGRAPH Asia 2013 Technical Briefs},
series = {SA '13},
year = {2013},
pages = {28:1--28:4},
publisher = {ACM},
address = {New York, NY, USA},
}

@inproceedings{Lozano-Quilis:2013,
author = {Lozano-Quilis, J. A. and Gil-G\'{o}mez, H. and Gil-G\'{o}mez, J. A. and Albiol-P{\'e}rez, S. and Palacios, G. and Fardoum, Habib M. and Mashat, Abdulfattah S.},
title = {{Virtual Reality System for Multiple Sclerosis Rehabilitation Using KINECT}},
booktitle = {Proceedings of the 7th International Conference on Pervasive Computing Technologies for Healthcare},
series = {PervasiveHealth '13},
year = {2013},
pages = {366--369},
publisher = {ICST (Institute for Computer Sciences, Social-Informatics and Telecommunications Engineering)},
address = {ICST, Brussels, Belgium, Belgium},
}

@inproceedings{Huang:2011,
author = {Huang, Jun-Da},
title = {{Kinerehab: A Kinect-based System for Physical Rehabilitation: A Pilot Study for Young Adults with Motor Disabilities}},
booktitle = {The Proceedings of the 13th International ACM SIGACCESS Conference on Computers and Accessibility},
series = {ASSETS '11},
year = {2011},
pages = {319--320},
publisher = {ACM},
address = {New York, NY, USA},
}

@inproceedings{Simmons:2013,
author = {Simmons, Stephen and McCrindle, Rachel and Sperrin, Malcolm and Smith, Andy},
title = {{Prescription Software for Recovery and Rehabilitation Using Microsoft Kinect}},
booktitle = {Proceedings of the 7th International Conference on Pervasive Computing Technologies for Healthcare},
series = {PervasiveHealth '13},
year = {2013},
pages = {323--326},
publisher = {ICST (Institute for Computer Sciences, Social-Informatics and Telecommunications Engineering)},
address = {ICST, Brussels, Belgium, Belgium},
}

@inproceedings{Ballendat:2010,
author = {Ballendat, Till and Marquardt, Nicolai and Greenberg, Saul},
title = {{Proxemic Interaction: Designing for a Proximity and Orientation-aware Environment}},
booktitle = {ACM International Conference on Interactive Tabletops and Surfaces},
series = {ITS '10},
year = {2010},
pages = {121--130},
publisher = {ACM},
address = {New York, NY, USA},
}

@inproceedings{Lu:2013,
author = {L\"{u}, Hao and Li, Yang},
title = {{Gesture Studio: Authoring Multi-touch Interactions Through Demonstration and Declaration}},
booktitle = {Proceedings of the SIGCHI Conference on Human Factors in Computing Systems},
series = {CHI '13},
year = {2013},
pages = {257--266},
publisher = {ACM},
address = {New York, NY, USA},
}

@inproceedings{Warren:2013,
author = {Warren, Kristen and Lo, Jessica and Vadgama, Vaibhav and Girouard, Audrey},
title = {{Bending the Rules: Bend Gesture Classification for Flexible Displays}},
booktitle = {Proceedings of the SIGCHI Conference on Human Factors in Computing Systems},
series = {CHI '13},
year = {2013},
pages = {607--610},
publisher = {ACM},
address = {New York, NY, USA},
}

@inproceedings{Walter:2013,
author = {Walter, Robert and Bailly, Gilles and M\"{u}ller, J\"{o}rg},
title = {{StrikeAPose: Revealing Mid-air Gestures on Public Displays}},
booktitle = {Proceedings of the SIGCHI Conference on Human Factors in Computing Systems},
series = {CHI '13},
year = {2013},
pages = {841--850},
publisher = {ACM},
address = {New York, NY, USA},
}

@inproceedings{Zhang:2014,
author = {Zhang, Haimo and Li, Yang},
title = {{GestKeyboard: Enabling Gesture-based Interaction on Ordinary Physical Keyboard}},
booktitle = {Proceedings of the 32Nd Annual ACM Conference on Human Factors in Computing Systems},
series = {CHI '14},
year = {2014},
pages = {1675--1684},
publisher = {ACM},
address = {New York, NY, USA},
}

@incollection{Kurtenbach:1990,
title={{Gestures in Human-Computer Communication}},
author={Kurtenbach, Gordon and Hulteen, Eric A},
booktitle={The Art of Human-Computer Interface Design},
editor  = {Brenda Laurel},
pages={309--317},
year={1990},
publisher={Addison Wesley}
}

@article{Nielsen:1993:noncommand,
title={{Noncommand User Interfaces}},
author={Nielsen, Jakob},
journal={Communications of the ACM},
volume={36},
number={4},
pages={83--99},
year={1993},
publisher={ACM}
}

@inproceedings{Kapur:2005,
author = {Kapur, Asha and Kapur, Ajay and Virji-Babul, Naznin and Tzanetakis, George and Driessen, Peter F.},
title = {{Gesture-Based Affective Computing on Motion Capture Data}},
booktitle = {Proceedings of the First International Conference on Affective Computing and Intelligent Interaction},
series = {ACII'05},
year = {2005},
pages = {1--7},
publisher = {Springer-Verlag},
}

@article{Liu:2009,
title={{uWave: Accelerometer-based Personalized Gesture Recognition and Its Applications}},
author={Liu, Jiayang and Zhong, Lin and Wickramasuriya, Jehan and Vasudevan, Venu},
journal={Pervasive and Mobile Computing},
volume={5},
number={6},
pages={657--675},
year={2009},
publisher={Elsevier}
}

@article{Turk:2000,
title={{Perceptual User Interfaces}},
author={Turk, Matthew and Robertson, George},
journal={Communications of the ACM},
volume={43},
number={3},
pages={32--34},
year={2000},
publisher={ACM}
}

@inproceedings{Follmer:2013,
author = {Follmer, Sean and Leithinger, Daniel and Olwal, Alex and Hogge, Akimitsu and Ishii, Hiroshi},
title = {{inFORM: Dynamic Physical Affordances and Constraints Through Shape and Object Actuation}},
booktitle = {Proceedings of the 26th Annual ACM Symposium on User Interface Software and Technology},
series = {UIST '13},
year = {2013},
pages = {417--426},
publisher = {ACM},
address = {New York, NY, USA},
}

@book{Dourish:2004,
title={{Where the Action Is: The Foundations of Embodied Interaction}},
author={Paul Dourish},
year={2004},
publisher={MIT press}
}

@book{Schon:1984,
title={{The Reflective Practitioner: How Professionals Think in Action}},
author={Schön, Donald A.},
year={1984},
publisher={{Basic Books}}
}

@article{Lindell:2014,
title={{Crafting Interaction: The Epistemology of Modern Programming}},
author={Lindell, Rikard},
journal={Personal and Ubiquitous Computing},
volume={18},
number={3},
pages={613--624},
year={2014},
publisher={Springer}
}

@inproceedings{Hartmann:2006,
author = {Hartmann, Bj\"{o}rn and Klemmer, Scott R. and Bernstein, Michael and Abdulla, Leith and Burr, Brandon and Robinson-Mosher, Avi and Gee, Jennifer},
title = {{Reflective Physical Prototyping Through Integrated Design, Test, and Analysis}},
booktitle = {{Proceedings of the 19th Annual ACM Symposium on User Interface Software and Technology}},
series = {UIST '06},
year = {2006},
pages = {299--308},
publisher = {ACM},
address = {New York, NY, USA},
}

@article{Lim:2008,
author = {Lim, Youn-Kyung and Stolterman, Erik and Tenenberg, Josh},
title = {{The Anatomy of Prototypes: Prototypes As Filters, Prototypes As Manifestations of Design Ideas}},
journal = {ACM Transactions on Computer-Human Interaction},
volume = {15},
number = {2},
year = {2008},
pages = {7:1--7:27},
publisher = {ACM},
address = {New York, NY, USA},
}

@article{Crowley:2000,
author = {Crowley, James L. and Coutaz, Jo\"{e}lle and B{\'e}rard, Fran\c{c}ois},
title = {{Perceptual User Interfaces: Things That See}},
journal = {Communications of the ACM},
volume = {43},
number = {3},
year = {2000},
pages = {54--ff.},
publisher = {ACM},
address = {New York, NY, USA},
}

@article{Ko:2011,
author = {Ko, Andrew J. and Abraham, Robin and Beckwith, Laura and Blackwell, Alan and Burnett, Margaret and Erwig, Martin and Scaffidi, Chris and Lawrance, Joseph and Lieberman, Henry and Myers, Brad and Rosson, Mary Beth and Rothermel, Gregg and Shaw, Mary and Wiedenbeck, Susan},
title = {{The State of the Art in End-user Software Engineering}},
journal = {ACM Computing Surveys},
volume = {43},
number = {3},
year = {2011},
pages = {21:1--21:44},
publisher = {ACM},
address = {New York, NY, USA},
}

@article{Kela:2006,
author = {Kela, Juha and Korpipää, Panu and Mäntyjärvi, Jani and Kallio, Sanna and Savino, Giuseppe and Jozzo, Luca and Marca, Di},
title = {{Accelerometer-based Gesture Control for a Design Environment}},
journal = {Personal and Ubiquitous Computing},
volume = {10},
number = {5},
year = {2006},
pages = {285--299},
publisher = {Springer-Verlag},
address = {London, UK},
}

@inproceedings{Ashbrook:2010,
author = {Ashbrook, Daniel and Starner, Thad},
title = {{MAGIC: A Motion Gesture Design Tool}},
booktitle = {Proceedings of the SIGCHI Conference on Human Factors in Computing Systems},
series = {CHI '10},
year = {2010},
pages = {2159--2168},
publisher = {ACM},
address = {New York, NY, USA},
}

@book{Haibach:2011,
title={{Motor Learning and Development}},
author={Haibach, Pamela S. and Reid, Greg and Collier, Douglas H.},
year={2011},
publisher={Human Kinetics}
}

@book{Edwards:2010,
title={{Motor Learning and Control: From Theory to Practice}},
author={Edwards, William},
year={2010},
publisher={Cengage Learning}
}

@inproceedings{Girshick:2011,
author = {Girshick, Ross and Shotton, Jamie and Kohli, Pushmeet and Criminisi, Antonio and Fitzgibbon, Andrew},
title = {{Efficient Regression of General-activity Human Poses from Depth Images}},
booktitle = {Proceedings of the 2011 International Conference on Computer Vision},
series = {ICCV '11},
year = {2011},
pages = {415--422},
publisher = {IEEE Computer Society},
address = {Washington, DC, USA},
}

@article{Shotton:2013,
author = {Shotton, Jamie and Girshick, Ross and Fitzgibbon, Andrew and Sharp, Toby and Cook, Mat and Finocchio, Mark and Moore, Richard and Kohli, Pushmeet and Criminisi, Antonio and Kipman, Alex and Blake, Andrew},
title = {{Efficient Human Pose Estimation from Single Depth Images}},
journal = {IEEE Transactions on Pattern Analysis and Machine Intelligence},
volume = {35},
number = {12},
year = {2013},
pages = {2821--2840},
publisher = {IEEE Computer Society},
address = {Washington, DC, USA},
}

@inproceedings{Shotton:2012,
author = {Shotton, Jamie},
title = {{Conditional Regression Forests for Human Pose Estimation}},
booktitle = {Proceedings of the 2012 IEEE Conference on Computer Vision and Pattern Recognition (CVPR)},
series = {CVPR '12},
year = {2012},
pages = {3394--3401},
publisher = {IEEE Computer Society},
address = {Washington, DC, USA},
}

@inproceedings{Shotton:2011,
author = {Shotton, J. and Fitzgibbon, A. and Cook, M. and Sharp, T. and Finocchio, M. and Moore, R. and Kipman, A. and Blake, A.},
title = {{Real-time Human Pose Recognition in Parts from Single Depth Images}},
booktitle = {Proceedings of the 2011 IEEE Conference on Computer Vision and Pattern Recognition},
series = {CVPR '11},
year = {2011},
pages = {1297--1304},
publisher = {IEEE Computer Society},
address = {Washington, DC, USA},
}

@book{McConnell:2009,
title={{Code Complete}},
author={McConnell, Steve},
publisher={Microsoft Press},
year={2009},
}

@book{Brooks:1995,
title={{The Mythical Man-Month: Essays On Software Engineering}},
author={Brooks, Frederick Phillips},
year={1995},
publisher={Pearson Education}
}

@article{Frayling:1993,
title={{Research in Art and Design}},
author={Frayling, Christopher},
year={1993},
journal={Royal College of Art Research Papers},
volume = {1},
number = {1},
pages={1--5},
publisher={Royal College of Art London},
adress={London, UK}
}

@inproceedings{Zimmerman:2007,
author = {Zimmerman, John and Forlizzi, Jodi and Evenson, Shelley},
title = {{Research Through Design As a Method for Interaction Design Research in HCI}},
booktitle = {Proceedings of the SIGCHI Conference on Human Factors in Computing Systems},
series = {CHI '07},
year = {2007},
pages = {493--502},
publisher = {ACM},
address = {New York, NY, USA},
}

@inproceedings{Olsen:2007,
author = {Olsen,Jr., Dan R.},
title = {{Evaluating User Interface Systems Research}},
booktitle = {Proceedings of the 20th Annual ACM Symposium on User Interface Software and Technology},
series = {UIST '07},
year = {2007},
pages = {251--258},
publisher = {ACM},
address = {New York, NY, USA},
}

@book{Norman:1993,
title={Things that make us smart: Defending human attributes in the age of the machine},
author={Norman, Donald A.},
year={1993},
publisher={Basic Books}
}

@inproceedings{Shoemaker:2010,
author = {Shoemaker, Garth and Tsukitani, Takayuki and Kitamura, Yoshifumi and Booth, Kellogg S.},
title = {{Whole Body Large Wall Display Interfaces}},
booktitle = {CHI '10 Extended Abstracts on Human Factors in Computing Systems},
series = {CHI EA '10},
year = {2010},
pages = {4809--4812},
publisher = {ACM},
address = {New York, NY, USA},
}

@article{Suma:2013,
author = {Suma, Evan A. and Krum, David M. and Lange, Belinda and Koenig, Sebastian and Rizzo, Albert and Bolas, Mark},
title = {{Adapting User Interfaces for Gestural Interaction with the Flexible Action and Articulated Skeleton Toolkit}},
journal = {Computers \& Graphics},
volume = {37},
number = {3},
year = {2013},
pages = {193--201},
publisher = {Pergamon Press, Inc.},
address = {Elmsford, NY, USA},
}

@inproceedings{Kim:2013,
author = {Kim, Ju-Whan and Nam, Tek-Jin},
title = {{EventHurdle: Supporting Designers' Exploratory Interaction Prototyping with Gesture-based Sensors}},
booktitle = {Proceedings of the SIGCHI Conference on Human Factors in Computing Systems},
series = {CHI '13},
year = {2013},
location = {Paris, France},
pages = {267--276},
publisher = {ACM},
address = {New York, NY, USA},
}

@inproceedings{Hoste:2013,
author = {Lode Hoste and Brecht De Rooms and Beat Signer},
title = {{Declarative Gesture Spotting using Inferred and Refined Control Points}},
booktitle = {Proceedings of the 2nd International Conference on Pattern Recognition Applications and Methods},
series = {ICPRAM '13'},
year      = {2013},
pages     = {144-150},
}

@inproceedings{Hartmann:2007,
author = {Hartmann, Bj\"{o}rn and Abdulla, Leith and Mittal, Manas and Klemmer, Scott R.},
title = {{Authoring Sensor-based Interactions by Demonstration with Direct Manipulation and Pattern Recognition}},
booktitle = {Proceedings of the SIGCHI Conference on Human Factors in Computing Systems},
series = {CHI '07},
year = {2007},
pages = {145--154},
publisher = {ACM},
address = {New York, NY, USA},
}

@article{Zamborlin:2014,
author = {Zamborlin, Bruno and Bevilacqua, Frederic and Gillies, Marco and D'inverno, Mark},
title = {{Fluid Gesture Interaction Design: Applications of Continuous Recognition for the Design of Modern Gestural Interfaces}},
journal = {ACM Transactions on Interactive Intelligent Systems},
volume = {3},
number = {4},
year = {2014},
pages = {22:1--22:30},
publisher = {ACM},
address = {New York, NY, USA},
}

@article{Hutchins:1985,
author = {Hutchins, Edwin L. and Hollan, James D. and Norman, Donald A.},
title = {{Direct Manipulation Interfaces}},
journal = {Human Computer Interaction},
volume = {1},
number = {4},
year = {1985},
pages = {311--338},
publisher = {L. Erlbaum Associates Inc.},
address = {Hillsdale, NJ, USA},
}

@incollection{Wilson:2012,
chapter = {7},
title   = {{Sensor- and Recognition-Based Input for Interaction}},
editor  = {Jacko, Julie A.},
author  = {Wilson, Andrew D.},
booktitle = {{The Human-Computer Interaction Handbook}},
publisher = {{CRC Press}},
pages   = {133-156},
year    = {2012}
}


@inproceedings{Myers:2006,
author = {Myers, Brad A. and Ko, Andrew J. and Burnett, Margaret M.},
title = {Invited Research Overview: End-user Programming},
booktitle = {CHI '06 Extended Abstracts on Human Factors in Computing Systems},
series = {CHI EA '06},
year = {2006},
isbn = {1-59593-298-4},
location = {Montr\&\#233;al, Qu\&\#233;bec, Canada},
pages = {75--80},
numpages = {6},
url = {http://doi.acm.org/10.1145/1125451.1125472},
doi = {10.1145/1125451.1125472},
acmid = {1125472},
publisher = {ACM},
address = {New York, NY, USA},
}

@article{Burnett:2004,
author = {Burnett, Margaret and Cook, Curtis and Rothermel, Gregg},
title = {End-user Software Engineering},
journal = {Communications of the ACM},
issue_date = {September 2004},
volume = {47},
number = {9},
month = sep,
year = {2004},
issn = {0001-0782},
pages = {53--58},
numpages = {6},
url = {http://doi.acm.org/10.1145/1015864.1015889},
doi = {10.1145/1015864.1015889},
acmid = {1015889},
publisher = {ACM},
address = {New York, NY, USA},
}

@incollection{Lewis:1987,
author = {Lewis, Clayton and Olson, Gary},
chapter = {Can Principles of Cognition Lower the Barriers to Programming?},
title = {Empirical Studies of Programmers: Second Workshop},
editor = {Olson, Gary M. and Sheppard, Sylvia and Soloway, Elliot},
year = {1987},
isbn = {0-89391-461-4},
pages = {248--263},
numpages = {16},
url = {http://dl.acm.org/citation.cfm?id=54968.54984},
acmid = {54984},
publisher = {Ablex Publishing Corp.},
address = {Norwood, NJ, USA},
}

@incollection{Pea:1987,
author = {Pea, Roy D. and Kurland, D. Midian},
chapter = {On the Cognitive Effects of Learning Computer Programming},
title = {Mirrors of Minds: Patterns of Experience in Educational Computing},
editor = {Pea, Roy D. and Sheingold, Karen},
year = {1987},
isbn = {0-89391-422-3},
pages = {147--177},
numpages = {31},
url = {http://dl.acm.org/citation.cfm?id=28028.30914},
acmid = {30914},
publisher = {Ablex Publishing Corp.},
address = {Norwood, NJ, USA},
}

@inproceedings{Ko:2004,
author = {Ko, Andrew J. and Myers, Brad A. and Aung, Htet Htet},
title = {Six Learning Barriers in End-User Programming Systems},
booktitle = {Proceedings of the 2004 IEEE Symposium on Visual Languages - Human Centric Computing},
series = {VLHCC '04},
year = {2004},
isbn = {0-7803-8696-5},
pages = {199--206},
numpages = {8},
url = {http://dx.doi.org/10.1109/VLHCC.2004.47},
doi = {10.1109/VLHCC.2004.47},
acmid = {1034570},
publisher = {IEEE Computer Society},
address = {Washington, DC, USA},
}

@article{Pane:2001,
author = {Pane, John F. and Myers, Brad A. and Ratanamahatana, Chotirat Ann},
title = {Studying the Language and Structure in Non-programmers' Solutions to Programming Problems},
journal = {International Journal of Human-Computer Studies},
issue_date = {Feb. 2001},
volume = {54},
number = {2},
month = feb,
year = {2001},
issn = {1071-5819},
pages = {237--264},
numpages = {28},
url = {http://dx.doi.org/10.1006/ijhc.2000.0410},
doi = {10.1006/ijhc.2000.0410},
acmid = {373422},
publisher = {Academic Press, Inc.},
address = {Duluth, MN, USA},
}

@incollection{Blackwell:2006,
year={2006},
isbn={978-1-4020-4220-1},
booktitle={End User Development},
volume={9},
series={Human-Computer Interaction Series},
editor={Lieberman, Henry and Paternò, Fabio and Wulf, Volker},
doi={10.1007/1-4020-5386-X_2},
title={Psychological Issues in End-User Programming},
url={http://dx.doi.org/10.1007/1-4020-5386-X_2},
publisher={Springer Netherlands},
author={Blackwell, Alan F.},
pages={9-30},
language={English}
}

@article{Wulf:2004,
author = {Wulf, Volker and Jarke, Matthias},
title = {The Economics of End-user Development},
journal = {Communications of the ACM},
issue_date = {September 2004},
volume = {47},
number = {9},
month = sep,
year = {2004},
issn = {0001-0782},
pages = {41--42},
numpages = {2},
url = {http://doi.acm.org/10.1145/1015864.1015886},
doi = {10.1145/1015864.1015886},
acmid = {1015886},
publisher = {ACM},
address = {New York, NY, USA},
}

@inproceedings{Scaffidi:2005,
author = {Scaffidi, Christopher and Shaw, Mary and Myers, Brad},
title = {Estimating the Numbers of End Users and End User Programmers},
booktitle = {Proceedings of the 2005 IEEE Symposium on Visual Languages and Human-Centric Computing},
series = {VLHCC '05},
year = {2005},
isbn = {0-7695-2443-5},
pages = {207--214},
numpages = {8},
url = {http://dx.doi.org/10.1109/VLHCC.2005.34},
doi = {10.1109/VLHCC.2005.34},
acmid = {1092394},
publisher = {IEEE Computer Society},
address = {Washington, DC, USA},
}

@article{Paterno:2013,
author = {Fabio Paternò},
title = {{End User Development: Survey of an Emerging Field for Empowering People}},
journal = {ISRN Software Engineering},
volume = {2013},
year = {2013},
}

@article{Fischer:2004,
author = {Fischer, G. and Giaccardi, E. and Ye, Y. and Sutcliffe, A. G. and Mehandjiev, N.},
title = {Meta-design: A Manifesto for End-user Development},
journal = {Communications of the ACM},
issue_date = {September 2004},
volume = {47},
number = {9},
month = sep,
year = {2004},
issn = {0001-0782},
pages = {33--37},
numpages = {5},
url = {http://doi.acm.org/10.1145/1015864.1015884},
doi = {10.1145/1015864.1015884},
acmid = {1015884},
publisher = {ACM},
address = {New York, NY, USA},
}

@article{Myers:2000,
author = {Myers, Brad and Hudson, Scott E. and Pausch, Randy},
title = {Past, Present, and Future of User Interface Software Tools},
journal = {ACM Transactions on Computer-Human Interaction},
issue_date = {March 2000},
volume = {7},
number = {1},
month = mar,
year = {2000},
issn = {1073-0516},
pages = {3--28},
numpages = {26},
url = {http://doi.acm.org/10.1145/344949.344959},
doi = {10.1145/344949.344959},
acmid = {344959},
publisher = {ACM},
address = {New York, NY, USA},
}

@inproceedings{Holloway:2010,
author = {Holloway, Seth and Julien, Christine},
title = {The Case for End-user Programming of Ubiquitous Computing Environments},
booktitle = {Proceedings of the FSE/SDP Workshop on Future of Software Engineering Research},
series = {FoSER '10},
year = {2010},
isbn = {978-1-4503-0427-6},
location = {Santa Fe, New Mexico, USA},
pages = {167--172},
numpages = {6},
url = {http://doi.acm.org/10.1145/1882362.1882398},
doi = {10.1145/1882362.1882398},
acmid = {1882398},
publisher = {ACM},
address = {New York, NY, USA},
keywords = {end-user programming, software engineering, ubiquitous computing, vision},
}

@article{Germonprez:2007,
author = {Germonprez, Matt and Hovorka, Dirk and Collopy, Fred},
title = {{A Theory of Tailorable Technology Design}},
journal = {Journal of the Association for Information Systems},
volume = {8},
number = {6},
year = {2007},
}

@article{Blackwell:2004,
author = {Blackwell, Alan F.},
title = {End-user Developers at Home},
journal = {Communications of the ACM},
issue_date = {September 2004},
volume = {47},
number = {9},
month = sep,
year = {2004},
issn = {0001-0782},
pages = {65--66},
numpages = {2},
url = {http://doi.acm.org/10.1145/1015864.1015892},
doi = {10.1145/1015864.1015892},
acmid = {1015892},
publisher = {ACM},
address = {New York, NY, USA},
}

@article{Blackwell:2009,
author = {Blackwell, Alan F. and Rode, Jennifer A. and Toye, Eleanor F.},
title = {How Do We Program the Home? Gender, Attention Investment, and the Psychology of Programming at Home},
journal = {International Journal of Human-Computer Studies},
issue_date = {April, 2009},
volume = {67},
number = {4},
month = apr,
year = {2009},
issn = {1071-5819},
pages = {324--341},
numpages = {18},
url = {http://dx.doi.org/10.1016/j.ijhcs.2008.09.011},
doi = {10.1016/j.ijhcs.2008.09.011},
acmid = {1507852},
publisher = {Academic Press, Inc.},
address = {Duluth, MN, USA},
keywords = {Appliance design, Attention investment, Domestic technology, End-user programming, Gender HCI, Home automation, VCR},
}

@article{Rizzo:2011,
title={{Virtual Reality and Interactive Digital Game Technology: New Tools to Address Obesity and Diabetes}},
author={Rizzo, Albert Skip and Lange, Belinda and Suma, Evan A and Bolas, Mark},
journal={Journal of Diabetes Science and Technology},
volume={5},
number={2},
pages={256--264},
year={2011},
publisher={SAGE Publications}
}

@inproceedings{Lange:2011,
author={Lange, B. and Chien-Yen Chang and Suma, E. and Newman, B. and Rizzo, AS. and Bolas, M.},
booktitle={Engineering in Medicine and Biology Society,EMBC, 2011 Annual International Conference of the IEEE},
title={Development and Evaluation of Low Cost Game-Based Balance Rehabilitation Tool Using the Microsoft Kinect Sensor},
year={2011},
month={Aug},
pages={1831-1834},
}

@article{Porta:2002,
title = {Vision-based user interfaces: methods and applications},
journal = {International Journal of Human-Computer Studies},
volume = {57},
number = {1},
pages = {27 - 73},
year = {2002},
author = {Porta, Marco},
}

@inproceedings{Lu:2012,
author = {L\"{u}, Hao and Li, Yang},
title = {Gesture Coder: A Tool for Programming Multi-touch Gestures by Demonstration},
booktitle = {Proceedings of the SIGCHI Conference on Human Factors in Computing Systems},
series = {CHI '12},
year = {2012},
isbn = {978-1-4503-1015-4},
location = {Austin, Texas, USA},
pages = {2875--2884},
numpages = {10},
url = {http://doi.acm.org/10.1145/2207676.2208693},
doi = {10.1145/2207676.2208693},
acmid = {2208693},
publisher = {ACM},
address = {New York, NY, USA},
}

@article{Quek:1996,
author = {Quek, Francis K. H.},
title = {Unencumbered Gestural Interaction},
journal = {IEEE MultiMedia},
issue_date = {December 1996},
volume = {3},
number = {4},
month = dec,
year = {1996},
issn = {1070-986X},
pages = {36--47},
numpages = {12},
url = {http://dx.doi.org/10.1109/93.556459},
doi = {10.1109/93.556459},
acmid = {614745},
publisher = {IEEE Computer Society Press},
address = {Los Alamitos, CA, USA},
}

@article{kendon1988gestures,
title={How gestures can become like words},
author={Kendon, Adam},
journal={Cross-cultural perspectives in nonverbal communication},
volume={1},
pages={131--141},
year={1988},
publisher={Lewiston, NY: CJ Hogrefe, Inc}
}

@book{McNeill:1992,
title={Hand and Mind: What Gestures Reveal about Thought},
author={McNeill, D.},
year={1992},
publisher={University of Chicago Press}
}

@book{McNeill:2008,
title={Gesture and Thought},
author={McNeill, D.},
series={Phoenix Poets Series},
year={2008},
publisher={University of Chicago Press}
}

@inproceedings{Eisenstein:2006,
author = {Eisenstein, Jacob and Davis, Randall},
title = {Visual and Linguistic Information in Gesture Classification},
booktitle = {ACM SIGGRAPH 2006 Courses},
series = {SIGGRAPH '06},
year = {2006},
isbn = {1-59593-364-6},
location = {Boston, Massachusetts},
articleno = {30},
url = {http://doi.acm.org/10.1145/1185657.1185791},
doi = {10.1145/1185657.1185791},
acmid = {1185791},
publisher = {ACM},
address = {New York, NY, USA},
keywords = {gesture recognition, gesture taxonomies, multimodal disambiguation, validity},
}

@inproceedings{Kettebekov:2004,
author = {Kettebekov, Sanshzar},
title = {Exploiting Prosodic Structuring of Coverbal Gesticulation},
booktitle = {Proceedings of the 6th International Conference on Multimodal Interfaces},
series = {ICMI '04},
year = {2004},
isbn = {1-58113-995-0},
location = {State College, PA, USA},
pages = {105--112},
numpages = {8},
url = {http://doi.acm.org/10.1145/1027933.1027953},
doi = {10.1145/1027933.1027953},
acmid = {1027953},
publisher = {ACM},
address = {New York, NY, USA},
keywords = {gesture, multimodal, prosody, speech},
}

@inproceedings{Wexelblat:1997,
author = {Wexelblat, Alan},
title = {Research Challenges in Gesture: Open Issues and Unsolved Problems},
booktitle = {Proceedings of the International Gesture Workshop on Gesture and Sign Language in Human-Computer Interaction},
year = {1998},
isbn = {3-540-64424-5},
pages = {1--11},
numpages = {11},
url = {http://dl.acm.org/citation.cfm?id=647590.728557},
acmid = {728557},
publisher = {Springer-Verlag},
address = {London, UK, UK},
}

@article{Quek:2002,
author = {Quek, Francis and McNeill, David and Bryll, Robert and Duncan, Susan and Ma, Xin-Feng and Kirbas, Cemil and McCullough, Karl E. and Ansari, Rashid},
title = {Multimodal Human Discourse: Gesture and Speech},
journal = {ACM Transactions on Computer-Human Interaction},
issue_date = {September 2002},
volume = {9},
number = {3},
month = sep,
year = {2002},
issn = {1073-0516},
pages = {171--193},
numpages = {23},
url = {http://doi.acm.org/10.1145/568513.568514},
doi = {10.1145/568513.568514},
acmid = {568514},
publisher = {ACM},
address = {New York, NY, USA},
keywords = {Multimodal interaction, conversational interaction, discourse, gesture, gesture analysis, human interaction models, speech},
}

@techreport{Karam:2005,
type = {Technical Report},
title = {A Taxonomy of Gestures in Human Computer Interactions},
author = {Maria Karam and m. c. schraefel},
year = {2005},
series = {ECSTR-IAM05-009},
institution = {University of Southampton},
keywords = {Gestures, Human Computer Interactions, Survey, Taxonomy},
url = {http://eprints.soton.ac.uk/261149/},
}

@inproceedings{Bolt:1980,
author = {Bolt, Richard A.},
title = {"Put-that-there": Voice and Gesture at the Graphics Interface},
booktitle = {Proceedings of the 7th Annual Conference on Computer Graphics and Interactive Techniques},
series = {SIGGRAPH '80},
year = {1980},
isbn = {0-89791-021-4},
location = {Seattle, Washington, USA},
pages = {262--270},
numpages = {9},
url = {http://doi.acm.org/10.1145/800250.807503},
doi = {10.1145/800250.807503},
acmid = {807503},
publisher = {ACM},
address = {New York, NY, USA},
keywords = {Gesture, Graphics, Graphics interface, Man-machine interfaces, Space sensing, Spatial data management, Speech input, Voice input},
}

@article{Wexelblat:1995,
author = {Wexelblat, Alan},
title = {An Approach to Natural Gesture in Virtual Environments},
journal = {ACM Transactions on Computer-Human Interaction},
issue_date = {Sept. 1995},
volume = {2},
number = {3},
month = sep,
year = {1995},
issn = {1073-0516},
pages = {179--200},
numpages = {22},
url = {http://doi.acm.org/10.1145/210079.210080},
doi = {10.1145/210079.210080},
acmid = {210080},
publisher = {ACM},
address = {New York, NY, USA},
keywords = {gesture, input methods, multimodal, natural interaction},
}

@inproceedings{Cao:2003,
author = {Cao, Xiang and Balakrishnan, Ravin},
title = {VisionWand: Interaction Techniques for Large Displays Using a Passive Wand Tracked in 3D},
booktitle = {Proceedings of the 16th Annual ACM Symposium on User Interface Software and Technology},
series = {UIST '03},
year = {2003},
isbn = {1-58113-636-6},
location = {Vancouver, Canada},
pages = {173--182},
numpages = {10},
url = {http://doi.acm.org/10.1145/964696.964716},
doi = {10.1145/964696.964716},
acmid = {964716},
publisher = {ACM},
address = {New York, NY, USA},
keywords = {buttonless input, gestures, input devices, interaction techniques, large displays, vision tracking},
}

@inproceedings{Lenman:2002,
author = {Lenman, S\"{o}ren and Bretzner, Lars and Thuresson, Bj\"{o}rn},
title = {Using Marking Menus to Develop Command Sets for Computer Vision Based Hand Gesture Interfaces},
booktitle = {Proceedings of the Second Nordic Conference on Human-computer Interaction},
series = {NordiCHI '02},
year = {2002},
isbn = {1-58113-616-1},
location = {Aarhus, Denmark},
pages = {239--242},
numpages = {4},
url = {http://doi.acm.org/10.1145/572020.572055},
doi = {10.1145/572020.572055},
acmid = {572055},
publisher = {ACM},
address = {New York, NY, USA},
keywords = {HCI, computer vision, gesture command, hand gesture, marking menu},
}

@inproceedings{Wilson:2003,
author = {Wilson, Andrew and Shafer, Steven},
title = {XWand: UI for Intelligent Spaces},
booktitle = {Proceedings of the SIGCHI Conference on Human Factors in Computing Systems},
series = {CHI '03},
year = {2003},
isbn = {1-58113-630-7},
location = {Ft. Lauderdale, Florida, USA},
pages = {545--552},
numpages = {8},
url = {http://doi.acm.org/10.1145/642611.642706},
doi = {10.1145/642611.642706},
acmid = {642706},
publisher = {ACM},
address = {New York, NY, USA},
keywords = {Bayesian networks, accelerometer, gesture recognition, intelligent environments, magnetometer, multimodal interfaces, sensing},
}

@inproceedings{Fogtmann:2008,
author = {Fogtmann, Maiken Hillerup and Fritsch, Jonas and Kortbek, Karen Johanne},
title = {Kinesthetic Interaction: Revealing the Bodily Potential in Interaction Design},
booktitle = {Proceedings of the 20th Australasian Conference on Computer-Human Interaction: Designing for Habitus and Habitat},
series = {OZCHI '08},
year = {2008},
isbn = {0-9803063-4-5},
location = {Cairns, Australia},
pages = {89--96},
numpages = {8},
url = {http://doi.acm.org/10.1145/1517744.1517770},
doi = {10.1145/1517744.1517770},
acmid = {1517770},
publisher = {ACM},
address = {New York, NY, USA},
keywords = {bodily movement, interaction design, interactive technologies, kinesthesis, kinesthetic experience, kinesthetic interaction, motor skills},
}

@inproceedings{Kopp:2004,
author = {Kopp, Stefan and Tepper, Paul and Cassell, Justine},
title = {Towards Integrated Microplanning of Language and Iconic Gesture for Multimodal Output},
booktitle = {Proceedings of the 6th International Conference on Multimodal Interfaces},
series = {ICMI '04},
year = {2004},
isbn = {1-58113-995-0},
location = {State College, PA, USA},
pages = {97--104},
numpages = {8},
url = {http://doi.acm.org/10.1145/1027933.1027952},
doi = {10.1145/1027933.1027952},
acmid = {1027952},
publisher = {ACM},
address = {New York, NY, USA},
keywords = {embodied conversational agents, generation, gesture, language, multimodal output},
}

@inproceedings{Krum:2002,
author = {Krum, David M. and Omoteso, Olugbenga and Ribarsky, William and Starner, Thad and Hodges, Larry F.},
title = {Speech and Gesture Multimodal Control of a Whole Earth 3D Visualization Environment},
booktitle = {Proceedings of the Symposium on Data Visualisation 2002},
series = {VISSYM '02},
year = {2002},
isbn = {1-58113-536-X},
location = {Barcelona, Spain},
pages = {195--200},
numpages = {6},
url = {http://dl.acm.org/citation.cfm?id=509740.509772},
acmid = {509772},
publisher = {Eurographics Association},
address = {Aire-la-Ville, Switzerland, Switzerland},
}

@inproceedings{Silva:2003,
 author = {Silva, V\'{\i}ctor Hugo Z\'{a}rate and Arriaga, H{\'e}ctor Hugo Avil{\'e}s},
 title = {Evaluation of a Visual Interface for Gesticulation Recognition},
 booktitle = {Proceedings of the Latin American Conference on Human-computer Interaction},
 series = {CLIHC '03},
 year = {2003},
 location = {Rio de Janeiro, Brazil},
 pages = {159--165},
 numpages = {7},
 url = {http://dl.acm.org/citation.cfm?id=944519.944536},
 acmid = {944536},
 publisher = {ACM},
 address = {New York, NY, USA},
 keywords = {dynamic Bayesian networks, hidden Markov models, usability, visual recognition of gesture},
}

@misc{Klemmer:2014,
author    = {Klemmer, Scott},
title     = {{Human-Computer Interaction}},
howpublished = {Online course on Coursera},
year     = "2014",
note     = "Retrieved 22 August 2014 from https://www.coursera.org/course/hciucsd",
}

@inproceedings{Lamsweerde:2000,
 author = {Lamsweerde, Axel van},
 title = {Formal Specification: A Roadmap},
 booktitle = {Proceedings of the Conference on The Future of Software Engineering},
 series = {ICSE '00},
 year = {2000},
 isbn = {1-58113-253-0},
 location = {Limerick, Ireland},
 pages = {147--159},
 numpages = {13},
 url = {http://doi.acm.org/10.1145/336512.336546},
 doi = {10.1145/336512.336546},
 acmid = {336546},
 publisher = {ACM},
 address = {New York, NY, USA},
}

@incollection{Sommerville:2010,
title={Dependability and security specification},
author={Sommerville, Ian},
booktitle={Software Engineering (9th Edition)},
pages={309--340},
year={2010},
publisher={Addison Wesley}
}
