@inproceedings{Rose:1992,
author={Rose, R.C.},
booktitle={Proceedings of the 1992 IEEE International Conference on Acoustics, Speech, and Signal Processing},
series={ICASSP-92},
title={Discriminant wordspotting techniques for rejecting non-vocabulary utterances in unconstrained speech},
year={1992},
month={Mar},
volume={2},
pages={105--108},
}

@inproceedings{Malgireddy:2010,
author={Malgireddy, M.R. and Corso, J.J. and Setlur, S. and Govindaraju, V. and Mandalapu, D.},
booktitle={Proceedings of the 20th International Conference on Pattern Recognition},
series={ICPR 2010},
title={{A Framework for Hand Gesture Recognition and Spotting Using Sub-gesture Modeling}},
year={2010},
month={Aug},
pages={3780-3783},
}

@article{Kang:2004,
title = "Recognition-based gesture spotting in video games ",
journal = "Pattern Recognition Letters ",
volume = "25",
number = "15",
pages = "1701 - 1714",
year = "2004",
issn = "0167-8655",
author = "Hyun Kang and Chang Woo Lee and Keechul Jung",
}

@article{Lee:1999,
author={Hyeon-Kyu Lee and Kim, J.H.},
journal={IEEE Transactions on Pattern Analysis and Machine Intelligence},
title={An HMM-based threshold model approach for gesture recognition},
year={1999},
month={Oct},
volume={21},
number={10},
pages={961--973},
}

@ARTICLE{Alon:2009,
author={Alon, Jonathan and Athitsos, V. and Quan Yuan and Sclaroff, S.},
journal={IEEE Transactions on Pattern Analysis and Machine Intelligence},
title={A Unified Framework for Gesture Recognition and Spatiotemporal Gesture Segmentation},
year={2009},
month={Sept},
volume={31},
number={9},
pages={1685--1699},
}

@inproceedings{Elmezain:2010,
author={Elmezain, M. and Al-Hamadi, A and Sadek, S. and Michaelis, B.},
booktitle={Proceedings of the 2010 IEEE International Symposium on Signal Processing and Information Technology},
series={ISSPIT 2010},
title={Robust methods for hand gesture spotting and recognition using Hidden Markov Models and Conditional Random Fields},
year={2010},
month={Dec},
pages={131--136},
}
