@inproceedings{Long:1999,
author = {Long,Jr., Allan Christian and Landay, James A. and Rowe, Lawrence A.},
title = {Implications for a Gesture Design Tool},
booktitle = {Proceedings of the SIGCHI Conference on Human Factors in Computing Systems},
series = {CHI '99},
year = {1999},
isbn = {0-201-48559-1},
location = {Pittsburgh, Pennsylvania, USA},
pages = {40--47},
numpages = {8},
url = {http://doi.acm.org/10.1145/302979.302985},
doi = {10.1145/302979.302985},
acmid = {302985},
publisher = {ACM},
address = {New York, NY, USA},
keywords = {PDA, UI design, gesture, pen-based user interface, user study},
}

@inproceedings{Reis:2012,
author = {Reis, Bernardo and Teixeira, Jo\~{a}o Marcelo and Breyer, Felipe and Vasconcelos, Luis Arthur and Cavalcanti, Aline and Ferreira, Andr{\'e} and Kelner, Judith},
title = {Increasing Kinect Application Development Productivity by an Enhanced Hardware Abstraction},
booktitle = {Proceedings of the 4th ACM SIGCHI Symposium on Engineering Interactive Computing Systems},
series = {EICS '12},
year = {2012},
isbn = {978-1-4503-1168-7},
location = {Copenhagen, Denmark},
pages = {5--14},
numpages = {10},
url = {http://doi.acm.org/10.1145/2305484.2305489},
doi = {10.1145/2305484.2305489},
acmid = {2305489},
publisher = {ACM},
address = {New York, NY, USA},
keywords = {application testing, development methodology, interaction database},
}

@inproceedings{Kin:2012,
author = {Kin, Kenrick and Hartmann, Bj\"{o}rn and DeRose, Tony and Agrawala, Maneesh},
title = {Proton++: A Customizable Declarative Multitouch Framework},
booktitle = {Proceedings of the 25th Annual ACM Symposium on User Interface Software and Technology},
series = {UIST '12},
year = {2012},
isbn = {978-1-4503-1580-7},
location = {Cambridge, Massachusetts, USA},
pages = {477--486},
numpages = {10},
url = {http://doi.acm.org/10.1145/2380116.2380176},
doi = {10.1145/2380116.2380176},
acmid = {2380176},
publisher = {ACM},
address = {New York, NY, USA},
}

@inproceedings{Scholliers:2010,
author = {Scholliers, Christophe and Hoste, Lode and Signer, Beat and De Meuter, Wolfgang},
title = {Midas: A Declarative Multi-touch Interaction Framework},
booktitle = {Proceedings of the Fifth International Conference on Tangible, Embedded, and Embodied Interaction},
series = {TEI '11},
year = {2011},
location = {Funchal, Portugal},
pages = {49--56},
numpages = {8},
publisher = {ACM},
address = {New York, NY, USA},
}

@inproceedings{Khandkar:2010,
author = {Khandkar, Shahedul Huq and Maurer, Frank},
title = {A Domain Specific Language to Define Gestures for Multi-touch Applications},
booktitle = {Proceedings of the 10th Workshop on Domain-Specific Modeling},
series = {DSM '10},
year = {2010},
location = {Reno, Nevada},
pages = {2:1--2:6},
articleno = {2},
numpages = {6},
publisher = {ACM},
address = {New York, NY, USA},
keywords = {TouchToolkit, domain specific language, domain-specific language, gesture, gesture definition language (GDL), multi-touch, multi-user, touch interaction},
}

@inproceedings{Kammer:2010,
author = {Kammer, Dietrich and Wojdziak, Jan and Keck, Mandy and Groh, Rainer and Taranko, Severin},
title = {Towards a Formalization of Multi-touch Gestures},
booktitle = {ACM International Conference on Interactive Tabletops and Surfaces},
series = {ITS '10},
year = {2010},
location = {Saarbr\&\#252;cken, Germany},
pages = {49--58},
numpages = {10},
publisher = {ACM},
address = {New York, NY, USA},
keywords = {formalization, gestures, interaction, multi-touch, standardization},
}

@inproceedings{Echtler:2012,
author = {Echtler, Florian and Butz, Andreas},
title = {GISpL: Gestures Made Easy},
booktitle = {Proceedings of the Sixth International Conference on Tangible, Embedded and Embodied Interaction},
series = {TEI '12},
year = {2012},
location = {Kingston, Ontario, Canada},
pages = {233--240},
numpages = {8},
publisher = {ACM},
address = {New York, NY, USA},
keywords = {formal language, gestures, interaction, user interface},
}

@inproceedings{Julia:2013,
author = {Juli\`{a}, Carles F. and Earnshaw, Nicolas and Jord\`{a}, Sergi},
title = {GestureAgents: An Agent-based Framework for Concurrent Multi-task Multi-user Interaction},
booktitle = {Proceedings of the 7th International Conference on Tangible, Embedded and Embodied Interaction},
series = {TEI '13},
year = {2013},
location = {Barcelona, Spain},
pages = {207--214},
numpages = {8},
publisher = {ACM},
address = {New York, NY, USA},
keywords = {agent-exclusivity, concurrent interaction, gesture framework, multi-user},
}

@inproceedings{Spano:2013,
author = {Spano, Lucio Davide and Cisternino, Antonio and Patern\`{o}, Fabio and Fenu, Gianni},
title = {GestIT: A Declarative and Compositional Framework for Multiplatform Gesture Definition},
booktitle = {Proceedings of the 5th ACM SIGCHI Symposium on Engineering Interactive Computing Systems},
series = {EICS '13},
year = {2013},
location = {London, United Kingdom},
pages = {187--196},
numpages = {10},
publisher = {ACM},
address = {New York, NY, USA},
keywords = {analysis methods, gestural interaction, input and interaction technologies, software architecture and engineering, user interface design},
}
